@book{lamport94,
    author    = "Leslie Lamport",
    title     = "{\LaTeX: A Document Preparation System}",
    year      = "1994",
    publisher = "Addison-Wesley",
    edition = "2nd",
    address   = "Reading, Massachusetts"
}

@inproceedings{nicepaper1,
  author = "Firstname1 Lastname1 and Firstname2 Lastname2",
  title = "A Very Nice Paper To Cite",
  year = "2014",
  booktitle = "Proceedings of the 47th Annual IEEE/ACM International Symposium on Microarchitecture"
}

@inproceedings{nicepaper2,
  author = "Firstname1 Lastname1 and Firstname2 Lastname2 and Firstname3 Lastname3",
  title = "Another Very Nice Paper to Cite",
  year = "2012",
  booktitle = "Proceedings of the 45th Annual IEEE/ACM International Symposium on Microarchitecture"
}

@inproceedings{nicepaper3,
  author = "Firstname1 Lastname1 and Firstname2 Lastname2 and Firstname3 Lastname3 and Firstname4 Lastname4 and Firstname5 Lastname5 and Firstname6 Lastname6 and Firstname7 Lastname7 and Firstname8 Lastname8 and Firstname9 Lastname9 and Firstname10 Lastname10 and Firstname11 Lastname11 and Firstname12 Lastname12",
  title = "Yet Another Very Nice Paper To Cite, With Many Author Names All Spelled Out",
  year = "2011",
  booktitle = "Proceedings of the 38th Annual International Symposium on Computer Architecture"
}

@INPROCEEDINGS{DengICRC16, 
author={B. Deng and S. Srikanth and E. R. Hein and P. G. Rabbat and T. M. Conte and E. DeBenedictis and J. Cook}, 
booktitle={2016 IEEE International Conference on Rebooting Computing (ICRC)}, 
title={Computationally-redundant energy-efficient processing for y'all (CREEPY)}, 
year={2016}, 
volume={}, 
number={}, 
pages={1-8},  
ISSN={}, 
month={Oct},}

@article{DengTACO18,
 author = {Deng, Bobin and Srikanth, Sriseshan and Hein, Eric R. and Conte, Thomas M. and Debenedictis, Erik and Cook, Jeanine and Frank, Michael P.},
 title = {Extending Moore's Law via Computationally Error-Tolerant Computing},
 journal = {ACM Trans. Archit. Code Optim (TACO).},
 issue_date = {April 2018},
 volume = {15},
 number = {1},
 month = mar,
 year = {2018},
 issn = {1544-3566},
 pages = {8:1--8:27},
 articleno = {8},
 numpages = {27},
 doi = {10.1145/3177837},
 acmid = {3177837},
 publisher = {ACM},
 address = {New York, NY, USA},
} 

@INPROCEEDINGS{SrikanthHPCA18, 
author={S. Srikanth and P. G. Rabbat and E. R. Hein and B. Deng and T. M. Conte and E. DeBenedictis and J. Cook and M. P. Frank}, 
booktitle={2018 IEEE International Symposium on High Performance Computer Architecture (HPCA)}, 
title={Memory System Design for Ultra Low Power, Computationally Error Resilient Processor Microarchitectures}, 
year={2018}, 
volume={}, 
number={}, 
pages={696-709}, 
ISSN={}, 
month={Feb},}

@INPROCEEDINGS{WatsonThesis, 
author={R. W. Watson}, 
booktitle={Univ. California, Berkeley}, 
title={Error detection and correction and other residue interacting operations in a residue redundant number system}, 
year={1965}, 
volume={}, 
number={}, 
pages={}, 
ISSN={}, 
month={},}


@INPROCEEDINGS{ResidueCheck2011, 
author={D. Lipetz and E. Schwarz}, 
booktitle={2011 IEEE 20th Symposium on Computer Arithmetic}, 
title={Self Checking in Current Floating-Point Units}, 
year={2011}, 
volume={}, 
number={}, 
pages={73-76}, 
keywords={error detection;floating point arithmetic;microprocessor chips;IBM microprocessor;decimal floating point unit;error detection;fault isolation;high performance microprocessor;residue checking system;self checking;Adders;CMOS integrated circuits;Logic gates;Microprocessors;Multiplexing;Radiation detectors;Transient analysis;error detection;fault isolation;floating-point unit;microprocessor design;residue checking;self checking}, 
doi={10.1109/ARITH.2011.18}, 
ISSN={1063-6889}, 
month={July},}

@INPROCEEDINGS{IBMzEnterprise2011 , 
author={J. Warnock and Y. Chan and W. Huott and S. Carey and M. Fee and H. Wen and M. J. Saccamango and F. Malgioglio and P. Meaney and D. Plass and Y. H. Chan and M. Mayo and G. Mayer and L. Sigal and D. Rude and R. Averill and M. Wood and T. Strach and H. Smith and B. Curran and E. Schwarz and L. Eisen and D. Malone and S. Weitzel and P. K. Mak and T. McPherson and C. Webb}, 
booktitle={2011 IEEE International Solid-State Circuits Conference}, 
title={A 5.2GHz microprocessor chip for the IBM zEnterprise system}, 
year={2011}, 
volume={}, 
number={}, 
pages={70-72}, 
keywords={microprocessor chips;IBM zEnterprise system;design team;frequency 5.2 GHz;high performance design;microprocessor chip;operating frequency;product frequency;Arrays;Capacitance;Clocks;Noise;Program processors;Random access memory;Timing}, 
doi={10.1109/ISSCC.2011.5746223}, 
ISSN={0193-6530}, 
month={Feb},}

@inproceedings{Power6,
  author = "D. Henderson and B. Warner and J. Mitchell",
  title = "IBM POWER6 Processor-based Systems: Designed for Availability",
  year = "2007",
  booktitle = "White Paper, IBM Corporation"
}

@inproceedings{Power7,
  author = "Daniel Henderson and Jim Mitchell and George Ahrens",
  title = "POWER7 System RAS: Key Aspects of Power Systems Reliability, Availability, and Serviceability",
  year = "2010",
  booktitle = "White Paper, IBM Corporation "
}

@INPROCEEDINGS{Naksinehaboon_incchpt, 
author={N. Naksinehaboon and Y. Liu and C. Leangsuksun and R. Nassar and M. Paun and S. L. Scott}, 
booktitle={2008 Eighth IEEE International Symposium on Cluster Computing and the Grid (CCGRID)}, 
title={Reliability-Aware Approach: An Incremental Checkpoint/Restart Model in HPC Environments}, 
year={2008}, 
volume={}, 
number={}, 
pages={783-788}, 
keywords={checkpointing;large-scale systems;software reliability;incremental checkpoint;incremental restart;large-scale HPC system;reliable storage;system checkpoint;system reliability;Checkpointing;Computer networks;Context modeling;Educational institutions;Grid computing;Large-scale systems;Mathematical model;Mathematics;Scheduling;USA Councils}, 
doi={10.1109/CCGRID.2008.109}, 
ISSN={}, 
month={May},}

@inproceedings{Agarwal_incchpt,
 author = {Agarwal, Saurabh and Garg, Rahul and Gupta, Meeta S. and Moreira, Jose E.},
 title = {Adaptive Incremental Checkpointing for Massively Parallel Systems},
 booktitle = {Proceedings of the 18th Annual International Conference on Supercomputing},
 series = {ICS '04},
 year = {2004},
 isbn = {1-58113-839-3},
 location = {Malo, France},
 pages = {277--286},
 numpages = {10},
 url = {http://doi.acm.org/10.1145/1006209.1006248},
 doi = {10.1145/1006209.1006248},
 acmid = {1006248},
 publisher = {ACM},
 address = {New York, NY, USA},
 keywords = {fault-tolerance, incremental checkpoint, large scale systems, probabilistic checkpoint},
} 

@inproceedings{Li_incchpt,
 author = {H. Li and L. Pang and Z. Wang},
 title = {Two-level incremental checkpoint recovery scheme for reducing system total overheads},
 booktitle = {PLoS ONE},
 year = {2014},
 volume={9}, 
number={8}, 
pages={ e104591}, 
} 

@misc{tan2004process,
  title={Process for determining competing cause event probability and/or system availability during the simultaneous occurrence of multiple events},
  author={Tan, J. and Rosen, O.},
  url={https://www.google.com/patents/US20040078167},
  year={2004},
  month=apr # "~22",
  publisher={Google Patents},
  note={US Patent App. 10/272,156}
}

@ARTICLE{Dennard, 
author={R. H. Dennard and F. H. Gaensslen and V. L. Rideout and E. Bassous and A. R. LeBlanc}, 
journal={IEEE Journal of Solid-State Circuits}, 
title={Design of ion-implanted MOSFET's with very small physical dimensions}, 
year={1974}, 
volume={9}, 
number={5}, 
pages={256-268}, 
keywords={Digital integrated circuits;Field effect transistors;Ion implantation;Semiconductor device manufacture;Switching circuits;digital integrated circuits;field effect transistors;ion implantation;semiconductor device manufacture;switching circuits;Digital integrated circuits;Doping profiles;Fabrication;Ion implantation;Length measurement;MOSFET circuits;Predictive models;Semiconductor process modeling;Switching circuits;Threshold voltage}, 
doi={10.1109/JSSC.1974.1050511}, 
ISSN={0018-9200}, 
month={Oct},}

@article{EricDSR,
	Author = {Eric B Olsen},
	Journal = {Whitepaper, Digital System Research},
	Title = {Introduction of the Residue Number Arithmetic Logic Unit With Brief Computational Complexity Analysis (Rez-9 soft processor)},
	Year = {2015}}
	
@article{AndersonThesis,
	Author = {Daniel Anderson},
	Journal = {M.S. Thesis, U of Nevada LV},
	Title = {Design and Implementation of an Instruction Set Architecture and an Instruction Execution Unit for the REZ9 Coprocessor System},
	 Year = {2014}}
	 
@inproceedings{Hastings,
	Author = {C. W. Hastings},
	Booktitle = {Region Six Annu. Conf.},
	Organization = {IEEE},
	Pages = {429-464},
	Title = {Automatic detection and correction of errors in digital computers using residue arithmetic},
	Year = {1966}}
	
@article{WatsonHastings,
	Author = {Watson, Richard W and Hastings, Charles W},
	Journal = {Proceedings of the IEEE},
	Number = {12},
	Pages = {1920--1931},
	Publisher = {IEEE},
	Title = {Self-checked computation using residue arithmetic},
	Volume = {54},
	Year = {1966}}
	
@inproceedings{Chokshi,
	Author = {Chokshi, Rooju and Berezowski, Krzysztof S and Shrivastava, Aviral and Piestrak, Stanislaw J},
	Booktitle = {Proceedings of the 2009 international conference on Compilers, architecture, and synthesis for embedded systems},
	Organization = {ACM},
	Pages = {19--28},
	Title = {Exploiting residue number system for power-efficient digital signal processing in embedded processors},
	Year = {2009}}
	
@article{Claudio,
	Author = {Di Claudio, Elio D and Piazza, Francesco and Orlandi, Gianni},
	Journal = {IEEE transactions on computers},
	Number = {5},
	Pages = {624--633},
	Publisher = {IEEE},
	Title = {Fast combinatorial RNS processors for DSP applications},
	Volume = {44},
	Year = {1995}}

@article{Ramirez,
	Author = {Ramirez, J and Garcia, A and Lopez-Buedo, S and Lloris, A},
	Journal = {Electronics Letters},
	Number = {6},
	Pages = {266--268},
	Publisher = {IET},
	Title = {RNS-enabled digital signal processor design},
	Volume = {38},
	Year = {2002}}

@article{bajard2004RSA,
	Author = {Bajard, J-C and Imbert, Laurent},
	Journal = {IEEE Transactions on Computers},
	Number = {6},
	Pages = {769--774},
	Publisher = {IEEE},
	Title = {A full RNS implementation of RSA},
	Volume = {53},
	Year = {2004}}

@article{hung1994RSA,
	Author = {Hung, Ching Yu and Parhami, Behrooz},
	Journal = {Information Processing Letters},
	Number = {4},
	Pages = {163--169},
	Publisher = {Elsevier},
	Title = {Fast RNS division algorithms for fixed divisors with application to RSA encryption},
	Volume = {51},
	Year = {1994}}

@article{yen2003RSA,
	Author = {Yen, Sung-Ming and Kim, Seungjoo and Lim, Seongan and Moon, Sang-Jae},
	Journal = {IEEE Transactions on computers},
	Number = {4},
	Pages = {461--472},
	Publisher = {IEEE},
	Title = {RSA speedup with Chinese remainder theorem immune against hardware fault cryptanalysis},
	Volume = {52},
	Year = {2003}}


@article{JSHIUN_FP,
	Author = {Chiang, Jen-Shiun and Lu, Mi},
	Journal = {Computers \& Mathematics with Applications},
	Number = {10},
	Pages = {127--140},
	Publisher = {Elsevier},
	Title = {Floating-point numbers in residue number systems},
	Volume = {22},
	Year = {1991}}

@inproceedings{preethy1999,
	Author = {Preethy, AP and Radhakrishnan, D},
	Booktitle = {Circuits and Systems, 1999. 42nd Midwest Symposium on},
	Organization = {IEEE},
	Pages = {380--383},
	Title = {A 36-bit balanced moduli MAC architecture},
	Volume = {1},
	Year = {1999}}

@article{preethy2000rns,
	Author = {Preethy, AP and Radhakrishnan, D},
	Journal = {IEE Proceedings-Computers and Digital Techniques},
	Number = {4},
	Pages = {283--287},
	Publisher = {IET},
	Title = {RNS-based logarithmic adder},
	Volume = {147},
	Year = {2000}}

@article{tay2016non,
	Author = {Tay, Thian Fatt and Chang, Chip-Hong},
	Date-Added = {2017-04-25 02:44:05 +0000},
	Date-Modified = {2017-04-25 02:44:05 +0000},
	Journal = {IEEE transactions on computers},
	Number = {2},
	Pages = {396--408},
	Publisher = {IEEE},
	Title = {A non-iterative multiple residue digit error detection and correction algorithm in RRNS},
	Volume = {65},
	Year = {2016}}
	
@inproceedings{bajard2016multi,
	Author = {Bajard, Jean-Claude and Eynard, Julien and Merkiche, Nabil},
	Booktitle = {Computer Arithmetic (ARITH), 2016 IEEE 23nd Symposium on},
	Date-Added = {2017-04-25 02:44:13 +0000},
	Date-Modified = {2017-04-25 02:44:13 +0000},
	Organization = {IEEE},
	Pages = {16--23},
	Title = {Multi-fault Attack Detection for RNS Cryptographic Architecture},
	Year = {2016}}
	
@article{xiao2016new,
	Author = {Xiao, Hanshen and Garg, Hari Krishna and Hu, Jianhao and Xiao, Guoqiang},
	Date-Added = {2017-04-25 02:44:23 +0000},
	Date-Modified = {2017-04-25 02:44:23 +0000},
	Journal = {ETRI Journal},
	Number = {2},
	Pages = {326--336},
	Publisher = {Electronics and Telecommunications Research Institute},
	Title = {New Error Control Algorithms for Residue Number System Codes},
	Volume = {38},
	Year = {2016}}

@article{xiao2015error,
	Author = {Xiao, Li and Xia, Xiang-Gen},
	Date-Added = {2017-04-25 02:44:37 +0000},
	Date-Modified = {2017-04-25 02:44:37 +0000},
	Journal = {IEEE Transactions on Communications},
	Number = {3},
	Pages = {605--616},
	Publisher = {IEEE},
	Title = {Error correction in polynomial remainder codes with non-pairwise coprime moduli and robust Chinese remainder theorem for polynomials},
	Volume = {63},
	Year = {2015}}
	
@article{chang2015residue,
	Author = {Chang, Chip-Hong and Molahosseini, Amir Sabbagh and Zarandi, Azadeh Alsadat Emrani and Tay, Tian Fatt},
	Date-Added = {2017-04-25 02:44:44 +0000},
	Date-Modified = {2017-04-25 02:44:44 +0000},
	Journal = {IEEE circuits and systems magazine},
	Number = {4},
	Pages = {26--44},
	Publisher = {IEEE},
	Title = {Residue number systems: A new paradigm to datapath optimization for low-power and high-performance digital signal processing applications},
	Volume = {15},
	Year = {2015}}

@inproceedings{tay2014new,
	Author = {Tay, Thian Fatt and Chang, Chip-Hong},
	Booktitle = {Circuits and Systems (ISCAS), 2014 IEEE International Symposium on},
	Date-Added = {2017-04-25 02:44:52 +0000},
	Date-Modified = {2017-04-25 02:44:52 +0000},
	Organization = {IEEE},
	Pages = {1748--1751},
	Title = {A new algorithm for single residue digit error correction in Redundant Residue Number System},
	Year = {2014}}

@inproceedings{yin2013new,
	Author = {Yin, Pengsheng and Li, Lei},
	Booktitle = {Communications, Circuits and Systems (ICCCAS), 2013 International Conference on},
	Date-Added = {2017-04-25 02:45:01 +0000},
	Date-Modified = {2017-04-25 02:45:01 +0000},
	Organization = {IEEE},
	Pages = {178--181},
	Title = {A new algorithm for single error correction in RRNS},
	Volume = {2},
	Year = {2013}}

@article{lo2013parallel,
	Author = {Lo, Hao-Yung and Lin, Ting-Wei},
	Date-Added = {2017-04-25 02:45:08 +0000},
	Date-Modified = {2017-04-25 02:45:08 +0000},
	Journal = {Wireless Engineering and Technology},
	Number = {04},
	Pages = {198},
	Publisher = {Scientific Research Publishing},
	Title = {Parallel Algorithms for Residue Scaling and Error Correction in Residue Arithmetic},
	Volume = {4},
	Year = {2013}}
	
@article{sengupta2013performance,
	Author = {Sengupta, Avik and Natarajan, Balasubramaniam},
	Date-Added = {2017-04-25 02:45:14 +0000},
	Date-Modified = {2017-04-25 02:45:14 +0000},
	Journal = {IEEE Transactions on Wireless Communications},
	Number = {5},
	Pages = {2458--2469},
	Publisher = {IEEE},
	Title = {Performance of systematic RRNS based space-time block codes with probability-aware adaptive demapping},
	Volume = {12},
	Year = {2013}}

@article{haron2011redundant,
	Author = {Haron, Nor Zaidi and Hamdioui, Said},
	Date-Added = {2017-04-25 02:45:20 +0000},
	Date-Modified = {2017-04-25 02:45:20 +0000},
	Journal = {ACM Journal on Emerging Technologies in Computing Systems (JETC)},
	Number = {1},
	Pages = {4},
	Publisher = {ACM},
	Title = {Redundant residue number system code for fault-tolerant hybrid memories},
	Volume = {7},
	Year = {2011}}
	
@inproceedings{tang2010new,
	Author = {Tang, Yangyang and Boutillon, Emmanuel and J{\'e}go, Christophe and J{\'e}z{\'e}quel, Michel},
	Booktitle = {Design and Architectures for Signal and Image Processing (DASIP), 2010 Conference on},
	Date-Added = {2017-04-25 02:45:28 +0000},
	Date-Modified = {2017-04-25 02:45:28 +0000},
	Organization = {IEEE},
	Pages = {27--33},
	Title = {A new single-error correction scheme based on self-diagnosis residue number arithmetic},
	Year = {2010}}
	
@article{goh2008multiple,
	Author = {Goh, Vik Tor and Siddiqi, Mohammad Umar},
	Date-Added = {2017-04-25 02:45:35 +0000},
	Date-Modified = {2017-04-25 02:45:35 +0000},
	Journal = {IEEE Transactions on Communications},
	Number = {3},
	Publisher = {IEEE},
	Title = {Multiple error detection and correction based on redundant residue number systems},
	Volume = {56},
	Year = {2008}}
	
@article{sweidan2001theory,
	Author = {Sweidan, Andraos and Hiasat, Ahmad A},
	Date-Added = {2017-04-25 02:45:43 +0000},
	Date-Modified = {2017-04-25 02:45:43 +0000},
	Journal = {Reliable computing},
	Number = {3},
	Pages = {209--218},
	Publisher = {Springer},
	Title = {On the theory of error control based on moduli with common factors},
	Volume = {7},
	Year = {2001}}
	
@inproceedings{goldreich1999chinese,
	Author = {Goldreich, Oded and Ron, Dana and Sudan, Madhu},
	Booktitle = {Proceedings of the thirty-first annual ACM symposium on Theory of computing},
	Date-Added = {2017-04-25 02:46:02 +0000},
	Date-Modified = {2017-04-25 02:46:02 +0000},
	Organization = {ACM},
	Pages = {225--234},
	Title = {Chinese remaindering with errors},
	Year = {1999}}
	
@article{katti1996new,
	Author = {Katti, Rajendra S.},
	Date-Added = {2017-04-25 02:46:10 +0000},
	Date-Modified = {2017-04-25 02:46:10 +0000},
	Journal = {IEEE transactions on computers},
	Number = {1},
	Pages = {13--19},
	Publisher = {IEEE},
	Title = {A new residue arithmetic error correction scheme},
	Volume = {45},
	Year = {1996}}
	
@book{krishna1994computational,
	Author = {Krishna, Hari and Krishna, Bal and Lin, Kuo-Yu and Sun, Jenn-Dong},
	Date-Added = {2017-04-25 02:46:29 +0000},
	Date-Modified = {2017-04-25 02:46:29 +0000},
	Publisher = {CRC Press},
	Title = {Computational Number Theory and Digital Signal Processing: Fast Algorithms and Error Control Techniques},
	Volume = {6},
	Year = {1994}}

@article{di1993systolic,
	Author = {Di Claudio, Elio D and Orlandi, Gianni and Piazza, Francesco},
	Date-Added = {2017-04-25 02:46:48 +0000},
	Date-Modified = {2017-04-25 02:46:48 +0000},
	Journal = {IEEE Transactions on Computers},
	Number = {4},
	Pages = {427--432},
	Publisher = {IEEE},
	Title = {A systolic redundant residue arithmetic error correction circuit},
	Volume = {42},
	Year = {1993}}
	
@article{krishna1992coding,
	Author = {Krishna, Hari and Lin, K-Y and Sun, J-D},
	Date-Added = {2017-04-25 02:46:29 +0000},
	Date-Modified = {2017-04-25 02:46:29 +0000},
	Journal = {IEEE Transactions on Circuits and Systems II: Analog and Digital Signal Processing},
	Number = {1},
	Pages = {8--17},
	Publisher = {IEEE},
	Title = {A coding theory approach to error control in redundant residue number systems. I. Theory and single error correction},
	Volume = {39},
	Year = {1992}}
	
@article{sun1992coding,
	Author = {Sun, J-D and Krishna, Hari},
	Date-Added = {2017-04-25 02:46:57 +0000},
	Date-Modified = {2017-04-25 02:46:57 +0000},
	Journal = {IEEE Transactions on Circuits and Systems II: Analog and Digital Signal Processing},
	Number = {1},
	Pages = {18--34},
	Publisher = {IEEE},
	Title = {A coding theory approach to error control in redundant residue number systems. II. Multiple Error detection and correction},
	Volume = {39},
	Year = {1992}}
	
@inproceedings{sun1992superfast,
	Author = {Sun, J-D and Krishna, Hari and Lin, KY},
	Booktitle = {Circuits and Systems, 1992. ISCAS'92. Proceedings., 1992 IEEE International Symposium on},
	Date-Added = {2017-04-25 02:46:57 +0000},
	Date-Modified = {2017-04-25 02:46:57 +0000},
	Organization = {IEEE},
	Pages = {795--798},
	Title = {A superfast algorithm for single-error correction in RRNS and hardware implementation},
	Volume = {2},
	Year = {1992}}
	
@article{orton1992new,
	Author = {Orton, Glenn A. and Peppard, Lloyd E. and Tavares, Stafford E.},
	Date-Added = {2017-04-25 02:47:06 +0000},
	Date-Modified = {2017-04-25 02:47:06 +0000},
	Journal = {IEEE transactions on computers},
	Number = {11},
	Pages = {1453--1464},
	Publisher = {IEEE},
	Title = {New fault tolerant techniques for residue number systems},
	Volume = {41},
	Year = {1992}}
	
@article{su1990algorithm,
	Author = {Su, C-C and Lo, H-Y},
	Date-Added = {2017-04-25 02:47:18 +0000},
	Date-Modified = {2017-04-25 02:47:18 +0000},
	Journal = {IEEE Transactions on Computers},
	Number = {8},
	Pages = {1053--1064},
	Publisher = {IEEE},
	Title = {An algorithm for scaling and single residue error correction in residue number systems},
	Volume = {39},
	Year = {1990}}
	
@article{ramachandran1983single,
	Author = {Ramachandran, Vijaya},
	Date-Added = {2017-04-25 02:47:26 +0000},
	Date-Modified = {2017-04-25 02:47:26 +0000},
	Journal = {IEEE transactions on computers},
	Number = {5},
	Pages = {504--507},
	Publisher = {IEEE Computer Society},
	Title = {Single residue error correction in residue number systems},
	Volume = {32},
	Year = {1983}}
	
@article{etzel1980redundant,
	Author = {Etzel, M and Jenkins, W},
	Date-Added = {2017-04-25 02:47:36 +0000},
	Date-Modified = {2017-04-25 02:47:36 +0000},
	Journal = {IEEE Transactions on Acoustics, Speech, and Signal Processing},
	Number = {5},
	Pages = {538--545},
	Publisher = {IEEE},
	Title = {Redundant residue number systems for error detection and correction in digital filters},
	Volume = {28},
	Year = {1980}}
	
@article{barsi1974error,
	Author = {Barsi, Ferruccio and Maestrini, Piero},
	Date-Added = {2017-04-25 02:47:44 +0000},
	Date-Modified = {2017-04-25 02:47:44 +0000},
	Journal = {IEEE Transactions on Computers},
	Number = {9},
	Pages = {915--924},
	Publisher = {IEEE},
	Title = {Error detection and correction by product codes in residue number systems},
	Volume = {100},
	Year = {1974}}
	
@article{yau1973error,
	Author = {Yau, SS-S and Liu, Yu-Cheng},
	Date-Added = {2017-04-25 02:47:54 +0000},
	Date-Modified = {2017-04-25 02:47:54 +0000},
	Journal = {IEEE Transactions on Computers},
	Number = {1},
	Pages = {5--11},
	Publisher = {IEEE},
	Title = {Error correction in redundant residue number systems},
	Volume = {100},
	Year = {1973}}
	
@article{rao1970biresidue,
	Author = {Rao, Thammavarapu RN},
	Date-Added = {2017-04-25 02:48:04 +0000},
	Date-Modified = {2017-04-25 02:48:04 +0000},
	Journal = {IEEE Transactions on computers},
	Number = {5},
	Pages = {398--402},
	Publisher = {IEEE},
	Title = {Biresidue error-correcting codes for computer arithmetic},
	Volume = {100},
	Year = {1970}}
	
@book{szabo1967residue,
	Author = {Szabo, Nicholas S and Tanaka, Richard I},
	Date-Added = {2017-04-25 02:48:13 +0000},
	Date-Modified = {2017-04-25 02:48:13 +0000},
	Publisher = {McGraw-Hill},
	Title = {Residue arithmetic and its applications to computer technology},
	Year = {1967}}
	
@book{macwilliams1977theory,
	Author = {MacWilliams, Florence Jessie and Sloane, Neil James Alexander},
	Date-Added = {2017-04-25 02:16:25 +0000},
	Date-Modified = {2017-04-25 02:16:25 +0000},
	Publisher = {Elsevier},
	Title = {The theory of error-correcting codes},
	Year = {1977}}
	
@article{von1956probabilistic,
	Author = {Von Neumann, John},
	Date-Added = {2017-04-25 02:19:24 +0000},
	Date-Modified = {2017-04-25 02:19:24 +0000},
	Journal = {Automata studies},
	Pages = {43--98},
	Title = {Probabilistic logics and the synthesis of reliable organisms from unreliable components},
	Volume = {34},
	Year = {1956}}
	
@article{brown1960error,
	Author = {Brown, David T},
	Date-Added = {2017-04-25 02:16:42 +0000},
	Date-Modified = {2017-04-25 02:16:42 +0000},
	Journal = {IRE Transactions on Electronic Computers},
	Number = {3},
	Pages = {333--337},
	Publisher = {IEEE},
	Title = {Error detecting and correcting binary codes for arithmetic operations},
	Year = {1960}}
	
@inproceedings{fetzer2009encoding,
	Author = {Fetzer, Christof and Schiffel, Ute and S{\"u}{\ss}kraut, Martin},
	Booktitle = {International Conference on Computer Safety, Reliability, and Security},
	Date-Added = {2017-04-25 02:16:55 +0000},
	Date-Modified = {2017-04-25 02:16:55 +0000},
	Organization = {Springer},
	Pages = {283--296},
	Title = {AN-encoding compiler: Building safety-critical systems with commodity hardware},
	Year = {2009}}
	
@article{forin1989vital,
	Author = {Forin, Ph},
	Date-Added = {2017-04-25 02:17:14 +0000},
	Date-Modified = {2017-04-25 02:17:14 +0000},
	Journal = {IFAC Control, Computers, Communications},
	Pages = {79--84},
	Title = {Vital coded microprocessor principles and application for various transit systems},
	Year = {1989}}
	
@techreport{liu1972error,
	Author = {Liu, Chao-Kai},
	Date-Added = {2017-04-25 02:17:27 +0000},
	Date-Modified = {2017-04-25 02:17:27 +0000},
	Institution = {DTIC Document},
	Title = {Error-correcting-codes in computer arithmetic},
	Year = {1972}}
	
@inproceedings{schiffel2010anb,
	Author = {Schiffel, Ute and Schmitt, Andr{\'e} and S{\"u}{\ss}kraut, Martin and Fetzer, Christof},
	Booktitle = {International Conference on Computer Safety, Reliability, and Security},
	Date-Added = {2017-04-25 02:17:38 +0000},
	Date-Modified = {2017-04-25 02:17:38 +0000},
	Organization = {Springer},
	Pages = {169--182},
	Title = {ANB-and ANBDmem-encoding: detecting hardware errors in software},
	Year = {2010}}
	
@inproceedings{wappler2007hardware,
	Author = {Wappler, Ute and Fetzer, Christof},
	Booktitle = {Industrial Informatics, 2007 5th IEEE International Conference on},
	Date-Added = {2017-04-25 02:17:50 +0000},
	Date-Modified = {2017-04-25 02:17:50 +0000},
	Organization = {IEEE},
	Pages = {977--982},
	Title = {Hardware failure virtualization via software encoded processing},
	Volume = {2},
	Year = {2007}}
	
@article{johnson1988efficient,
	Author = {Johnson, Barry W and Aylor, James H and Hana, Haytham H},
	Date-Added = {2017-04-25 02:18:05 +0000},
	Date-Modified = {2017-04-25 02:18:05 +0000},
	Journal = {IEEE journal of solid-state circuits},
	Number = {1},
	Pages = {208--215},
	Publisher = {IEEE},
	Title = {Efficient use of time and hardware redundancy for concurrent error detection in a 32-bit VLSI adder},
	Volume = {23},
	Year = {1988}}
	
@inproceedings{keren2008arbitrary,
	Author = {Keren, Osnat and Levin, Ilya and Ostrovsky, Vladimir and Abramov, Beni},
	Booktitle = {Defect and Fault Tolerance of VLSI Systems, 2008. DFTVS'08. IEEE International Symposium on},
	Date-Added = {2017-04-25 02:18:13 +0000},
	Date-Modified = {2017-04-25 02:18:13 +0000},
	Organization = {IEEE},
	Pages = {361--369},
	Title = {Arbitrary error detection in combinational circuits by using partitioning},
	Year = {2008}}
	
@inproceedings{marienfeld2005new,
	Author = {Marienfeld, Daniel and Sogomonyan, Egor S and Ocheretnij, Vitalij and Gossel, M},
	Booktitle = {Test Symposium, 2005. Proceedings. 14th Asian},
	Date-Added = {2017-04-25 02:18:24 +0000},
	Date-Modified = {2017-04-25 02:18:24 +0000},
	Organization = {IEEE},
	Pages = {76--81},
	Title = {New self-checking output-duplicated booth multiplier with high fault coverage for soft errors},
	Year = {2005}}
	
@article{nicolaidis2003carry,
	Author = {Nicolaidis, Michael},
	Date-Added = {2017-04-25 02:18:35 +0000},
	Date-Modified = {2017-04-25 02:18:35 +0000},
	Journal = {IEEE Transactions on Very Large Scale Integration (VLSI) Systems},
	Number = {1},
	Pages = {121--128},
	Publisher = {IEEE},
	Title = {Carry checking/parity prediction adders and ALUs},
	Volume = {11},
	Year = {2003}}
	
@inproceedings{nicolaidis1998design,
	Author = {Nicolaidis, Michael and Duarte, RO},
	Booktitle = {Design, Automation and Test in Europe, 1998., Proceedings},
	Date-Added = {2017-04-25 02:18:35 +0000},
	Date-Modified = {2017-04-25 02:18:35 +0000},
	Organization = {IEEE},
	Pages = {7--14},
	Title = {Design of fault-secure parity-prediction booth multipliers},
	Year = {1998}}
	
@inproceedings{nicolaidis1994efficient,
	Author = {Nicolaidis, Michael and Bederr, Hakim},
	Booktitle = {European Design and Test Conference, 1994. EDAC, The European Conference on Design Automation. ETC European Test Conference. EUROASIC, The European Event in ASIC Design, Proceedings.},
	Date-Added = {2017-04-25 02:18:35 +0000},
	Date-Modified = {2017-04-25 02:18:35 +0000},
	Organization = {IEEE},
	Pages = {574--579},
	Title = {Efficient implementations of self-checking multiply and divide arrays},
	Year = {1994}}
	
@inproceedings{vasudevan2005technique,
	Author = {Vasudevan, Dilip P and Lala, Parag K},
	Booktitle = {Defect and Fault Tolerance in VLSI Systems, 2005. DFT 2005. 20th IEEE International Symposium on},
	Date-Added = {2017-04-25 02:19:13 +0000},
	Date-Modified = {2017-04-25 02:19:13 +0000},
	Organization = {IEEE},
	Pages = {325--333},
	Title = {A technique for modular design of self-checking carry-select adder},
	Year = {2005}}
	
@inproceedings{sun2010cost,
	Author = {Sun, Yan and Zhang, Minxuan and Li, Shaoqing and Zhao, Yali},
	Booktitle = {IC Design and Technology (ICICDT), 2010 IEEE International Conference on},
	Date-Added = {2017-04-25 02:21:04 +0000},
	Date-Modified = {2017-04-25 02:21:04 +0000},
	Organization = {IEEE},
	Pages = {224--227},
	Title = {Cost effective soft error mitigation for parallel adders by exploiting inherent redundancy},
	Year = {2010}}
	
@inproceedings{hsu1992time,
	Author = {Hsu, Yuang-Ming and Swartzlander, EE},
	Booktitle = {Defect and Fault Tolerance in VLSI Systems, 1992. Proceedings., 1992 IEEE International Workshop on},
	Date-Added = {2017-04-25 02:21:18 +0000},
	Date-Modified = {2017-04-25 02:21:18 +0000},
	Organization = {IEEE},
	Pages = {247--256},
	Title = {Time redundant error correcting adders and multipliers},
	Year = {1992}}
	
@inproceedings{peng2005fault,
	Author = {Peng, Song and Manohar, Rajit},
	Booktitle = {Computer Design: VLSI in Computers and Processors, 2005. ICCD 2005. Proceedings. 2005 IEEE International Conference on},
	Date-Added = {2017-04-25 02:21:24 +0000},
	Date-Modified = {2017-04-25 02:21:24 +0000},
	Organization = {IEEE},
	Pages = {171--178},
	Title = {Fault tolerant asynchronous adder through dynamic self-reconfiguration},
	Year = {2005}}
	
@article{dolev2013preserving,
	Author = {Dolev, Shlomi and Frenkel, Sergey and Tamir, Dan E and Sinelnikov, Vladimir},
	Date-Added = {2017-04-25 02:21:33 +0000},
	Date-Modified = {2017-04-25 02:21:33 +0000},
	Journal = {Journal of Electronic Testing},
	Number = {6},
	Pages = {903--907},
	Publisher = {Springer},
	Title = {Preserving Hamming Distance in Arithmetic and Logical Operations},
	Volume = {29},
	Year = {2013}}
	
@inproceedings{ghosh2008novel,
	Author = {Ghosh, Swaroop and Ndai, Patrick and Roy, Kaushik},
	Booktitle = {Design, Automation and Test in Europe, 2008. DATE'08},
	Date-Added = {2017-04-25 02:21:42 +0000},
	Date-Modified = {2017-04-25 02:21:42 +0000},
	Organization = {IEEE},
	Pages = {366--371},
	Title = {A novel low overhead fault tolerant Kogge-Stone adder using adaptive clocking},
	Year = {2008}}
	
@article{krekhov2008method,
	Author = {Krekhov, EV and Pavlov, Al-r A and Pavlov, AA and Pavlov, PA and Smirnov, DV and Tsar'kov, AN and Chistopol'skii, PA and Shandrikov, AV and Sharikov, BA and Yakimov, DA},
	Date-Added = {2017-04-25 02:21:51 +0000},
	Date-Modified = {2017-04-25 02:21:51 +0000},
	Journal = {Measurement Techniques},
	Number = {3},
	Pages = {237--241},
	Publisher = {Springer},
	Title = {A method of monitoring execution of arithmetic operations on computers in computerized monitoring and measuring systems},
	Volume = {51},
	Year = {2008}}
	
@inproceedings{mathew2010multiple,
	Author = {Mathew, J and Banerjee, S and Mahesh, P and Pradhan, DK and Jabir, AM and Mohanty, SP},
	Booktitle = {Electronic System Design (ISED), 2010 International Symposium on},
	Date-Added = {2017-04-25 02:22:01 +0000},
	Date-Modified = {2017-04-25 02:22:01 +0000},
	Organization = {IEEE},
	Pages = {101--106},
	Title = {Multiple bit error detection and correction in GF arithmetic circuits},
	Year = {2010}}
	
@inproceedings{rao2008towards,
	Author = {Rao, Wenjing and Orailoglu, Alex},
	Booktitle = {Design, Automation and Test in Europe, 2008. DATE'08},
	Date-Added = {2017-04-25 02:22:39 +0000},
	Date-Modified = {2017-04-25 02:22:39 +0000},
	Organization = {IEEE},
	Pages = {360--365},
	Title = {Towards fault tolerant parallel prefix adders in nanoelectronic systems},
	Year = {2008}}
	
@inproceedings{rao2006fault,
	Author = {Rao, Wenjing and Orailoglu, Alex and Karri, Ramesh},
	Booktitle = {Test Symposium, 2006. ETS'06. Eleventh IEEE European},
	Date-Added = {2017-04-25 02:22:39 +0000},
	Date-Modified = {2017-04-25 02:22:39 +0000},
	Organization = {IEEE},
	Pages = {63--68},
	Title = {Fault identification in reconfigurable carry lookahead adders targeting nanoelectronic fabrics},
	Year = {2006}}
	
@inproceedings{valinataj2007fault,
	Author = {Valinataj, Mojtaba and Safari, Saeed},
	Booktitle = {Defect and Fault-Tolerance in VLSI Systems, 2007. DFT'07. 22nd IEEE International Symposium on},
	Date-Added = {2017-04-25 02:22:45 +0000},
	Date-Modified = {2017-04-25 02:22:45 +0000},
	Organization = {IEEE},
	Pages = {188--196},
	Title = {Fault tolerant arithmetic operations with multiple error detection and correction},
	Year = {2007}}
	
@inproceedings{razor_2003,
	Author = {Ernst, Dan and Kim, Nam Sung and Das, Shidhartha and Pant, Sanjay and Rao, Rajeev and Pham, Toan and Ziesler, Conrad and Blaauw, David and Austin, Todd and Flautner, Krisztian and others},
	Booktitle = {Microarchitecture,MICRO-36. Proceedings. 36th Annual IEEE/ACM International Symposium on},
	Organization = {IEEE},
	Pages = {7--18},
	Title = {Razor: A low-power pipeline based on circuit-level timing speculation},
	Year = {2003}}
	
@inproceedings{decor_2008,
	Author = {Gupta, Meeta S and Rangan, Krishna K and Smith, Michael D and Wei, Gu-Yeon and Brooks, David},
	Booktitle = {High Performance Computer Architecture, HPCA, IEEE 14th International Symposium on},
	Organization = {IEEE},
	Pages = {381--392},
	Title = {DeCoR: A delayed commit and rollback mechanism for handling inductive noise in processors},
	Year = {2008}}
	
@inproceedings{DIVA,
	Author = {Austin, Todd M},
	Booktitle = {Microarchitecture, MICRO-32. Proceedings. 32nd Annual International Symposium on},
	Organization = {IEEE},
	Pages = {196--207},
	Title = {DIVA: A reliable substrate for deep submicron microarchitecture design},
	Year = {1999}}
	
@article{ibmpower8,
	Author = {IBM},
	Date-Added = {2017-04-25 02:23:11 +0000},
	Date-Modified = {2017-04-25 02:23:11 +0000},
	Title = {IBM Power System E880 server, an IBM POWER8 technology-based system, addresses the requirements of an industry-leading enterprise class system},
	Year = {2014}}
	
@article{srikanth2016brief,
	Author = {Srikanth, Sriseshan and Deng, Bobin and Conte, Thomas M},
	Date-Added = {2017-04-25 02:23:25 +0000},
	Date-Modified = {2017-04-25 02:23:25 +0000},
	Journal = {arXiv preprint arXiv:1611.03099},
	Title = {A Brief Survey of Non-Residue Based Computational Error Correction},
	Year = {2016}}
	
@article{RESO,
	Author = {Patel, Janak H. and Fung, Leona Y.},
	Journal = {IEEE Trans. Computers},
	Number = {7},
	Pages = {589--595},
	Title = {Concurrent error detection in ALU's by recomputing with shifted operands},
	Volume = {31},
	Year = {1982}}
	
@article{REDWC,
	Author = {Johnson, Barry W and Aylor, James H and Hana, Haytham H},
	Journal = {journal of solid-state circuits},
	Number = {1},
	Pages = {208--215},
	Publisher = {IEEE},
	Title = {Efficient use of time and hardware redundancy for concurrent error detection in a 32-bit VLSI adder},
	Volume = {23},
	Year = {1988}}
	
@inproceedings{RETWV,
	Author = {Hsu, Yuang-Ming and Swartzlander, EE},
	Booktitle = {Defect and Fault Tolerance in VLSI Systems, Proceedings., International Workshop on},
	Organization = {IEEE},
	Pages = {247--256},
	Title = {Time redundant error correcting adders and multipliers},
	Year = {1992}}
	
@article{SCCSA,
	Author = {Vasudevan, Dilip P and Lala, Parag K and Parkerson, James Patrick},
	Journal = {IEEE Transactions on Circuits and Systems I: Regular Papers},
	Number = {12},
	Pages = {2696--2705},
	Publisher = {IEEE},
	Title = {Self-checking carry-select adder design based on two-rail encoding},
	Volume = {54},
	Year = {2007}}
	
@inproceedings{SHA,
	Author = {Peng, Song and Manohar, Rajit},
	Booktitle = {Computer Design: VLSI in Computers and Processors, ICCD. Proceedings.International Conference on},
	Organization = {IEEE},
	Pages = {171--178},
	Title = {Fault tolerant asynchronous adder through dynamic self-reconfiguration},
	Year = {2005}}
	
@inproceedings{SITR,
	Author = {Mizan, Elias and Amimeur, Tileli and Jacome, Margarida F},
	Booktitle = {Computer Architecture and High Performance Computing, SBAC-PAD. 19th International Symposium on},
	Organization = {IEEE},
	Pages = {45--53},
	Title = {Self-imposed temporal redundancy: An efficient technique to enhance the reliability of pipelined functional units},
	Year = {2007}}
	
@article{Landauer_mini,
	Author = {R. Landauer},
	Journal = {IBM journal of research and development 5.3},
	Number = {},
	Pages = {183--191},
	Publisher = {},
	Title = {Irreversibility and heat generation in the computing process},
	Volume = {},
	Year = {1961}}
	
@article{Landauer-Shannon,
	Author = {M. Neyman},
	Journal = {Telecommunications and Radio Engineering 2},
	Number = {},
	Pages = {},
	Publisher = {},
	Title = {The negentropy principle in information-processing systems},
	Volume = {},
	Year = {1966}}

@ARTICLE{TFET, 
author={U. E. Avci and D. H. Morris and I. A. Young}, 
journal={IEEE Journal of the Electron Devices Society}, 
title={Tunnel Field-Effect Transistors: Prospects and Challenges}, 
year={2015}, 
volume={3}, 
number={3}, 
pages={88-95}, 
keywords={CMOS integrated circuits;III-V semiconductors;MOSFET;gallium compounds;indium compounds;integrated circuit modelling;integrated circuit reliability;semiconductor device models;semiconductor device reliability;tunnel transistors;CMOS technology;GaSb-InAs;N-TFET;P-TFET current-drive;TFET;TFET device;atomistic quantum model;graphics core;high quality III-V material;layout density;parallelizable product;reliability;size 13 nm;source-drain asymmetry;steep-slope prospect;tunnel field-effect transistor;Doping;Logic gates;MOSFET;Silicon;Tunneling;Steep-slope;TFET;Tunnel field-effect transistor (TFET);steep-slope}, 
doi={10.1109/JEDS.2015.2390591}, 
ISSN={2168-6734}, 
month={May},}

@INPROCEEDINGS{Agarwal, 
author={S. Agarwal and J. Cook and E. DeBenedictis and M. P. Frank and G. Cauwenberghs and S. Srikanth and B. Deng and E. R. Hein and P. G. Rabbat and T. M. Conte}, 
booktitle={2016 IEEE International Conference on Rebooting Computing (ICRC)}, 
title={Energy efficiency limits of logic and memory}, 
year={2016}, 
volume={}, 
number={}, 
pages={1-8}, 
keywords={energy conservation;error correction;integrated memory circuits;logic circuits;microprocessor chips;power aware computing;adiabatic memory;energy consumption limits;energy efficiency limits;energy efficiency scaling;error correction methods;logic;processor-in-memory computing systems;Adiabatic;Energy consumption;Energy efficiency;Error correction;Logic gates;MOSFET;Memory management;Landauer;Moore's Law;Shannon;adiabatic;limits of computing;millivolt switch;reversible;reversible logic}, 
doi={10.1109/ICRC.2016.7738676}, 
ISSN={}, 
month={Oct},}

@inproceedings{RNSDivisionMansoureh,
  title={Non-iterative RNS Division Algorithm},
  author={Mansoureh Labafniya and M. Eshghi},
  year={2012}
}

@article{RNSDivisionTalahmeh,
title = "Arithmetic division in RNS using Galois Field GF(p)",
journal = "Computers and Mathematics with Applications",
volume = "39",
number = "5",
pages = "227 - 238",
year = "2000",
issn = "0898-1221",
doi = "https://doi.org/10.1016/S0898-1221(00)00056-0",
url = "http://www.sciencedirect.com/science/article/pii/S0898122100000560",
author = "S Talahmeh and P Siy",
keywords = "Computer arithmetic, Modular arithmetic, Galois field, Number theory, Parallel computation"
}
	
